@article{Quintana2013,
 author = {Quintana, Daniel S. and McGregor, Iain S. and Guastella, Adam J. and Malhi, Gin S. and Kemp, Andrew H.},
 issn = {1530-0277},
 journal = {Alcoholism: Clinical and Experimental Research},
 pages = {E23--E29},
 title = {A Meta‐Analysis on the Impact of Alcohol Dependence on Short‐Term Resting‐State Heart Rate Variability: Implications for Cardiovascular Risk},
 volume = {37},
 year = {2013}
}

