@article{Quintana2015b,
 author = {Quintana, D. S. and Westlye, L. T. and Rustan, Ø G. and Tesli, N. and Poppy, C. L. and Smevik, H. and Tesli, M. and Røine, M. and Mahmoud, R. A. and Smerud, K. and Djupesland, P. G. and Andreassen, O. A.},
 journal = {Translational Psychiatry},
 pages = {e602},
 title = {Low dose oxytocin delivered intranasally with Breath Powered device affects social-cognitive behavior: a randomized 4-way crossover trial with nasal cavity dimension assessment},
 volume = {5},
 year = {2015}
}

