@article{Garbarino2019,
 author = {Garbarino, Sergio and Lanteri, Paola and Feeling, Nicole R. and Jarczok, Marc N. and Quintana, Daniel S. and Koenig, Julian and Sannita, Walter G.},
 copyright = {All rights reserved},
 doi = {10.1027/0269-8803/a000236},
 issn = {0269-8803},
 journal = {Journal of Psychophysiology},
 month = {February},
 note = {Publisher: Hogrefe Publishing},
 number = {1},
 pages = {1--9},
 title = {Circadian Rhythms, Sleep, and the Autonomic Nervous System},
 url = {https://econtent.hogrefe.com/doi/full/10.1027/0269-8803/a000236},
 urldate = {2020-08-29},
 volume = {34},
 year = {2019}
}

