@article{Quintana2017a,
 author = {Quintana, D. S. and Dieset, I. and Elvs√•shagen, T. and Westlye, L. T. and Andreassen, O. A.},
 journal = {Frontiers in Neuroendocrinology},
 pages = {1--10},
 title = {Oxytocin system dysfunction as a common mechanism underlying metabolic syndrome and psychiatric symptoms in schizophrenia and bipolar disorders},
 volume = {45},
 year = {2017}
}

