@article{Quintana2020d,
 abstract = {Podcasts are emerging as a popular forum for discussing scientific life. Here, we describe how podcasts can benefit scientific communities by disseminating career-specific information that is often unwritten and unavailable to those outside academic social knowledge networks. We also provide practical advice on how scientists can launch their own podcasts.},
 author = {Quintana, Daniel S and Heathers, James},
 copyright = {All rights reserved},
 doi = {10.31234/osf.io/ry5x9 License},
 journal = {PsyArXiv Preprints},
 month = {June},
 title = {How podcasts can benefit scientific communities},
 url = {https://osf.io/ry5x9},
 urldate = {2020-08-29},
 year = {2020}
}

