@article{Quintana2016f,
 author = {Quintana, D. S. and Guastella, A. J. and Westlye, L. T. and Andreassen, O. A.},
 issn = {1359-4184},
 journal = {Molecular Psychiatry},
 pages = {29--38},
 title = {The promise and pitfalls of intranasally administering psychopharmacological agents for the treatment of psychiatric disorders},
 volume = {21},
 year = {2016}
}

