@article{Quintana2020,
 author = {Quintana, D. S. and Guastella, A. J.},
 doi = {https://doi.org/10.1016/j.tics.2020.03.008},
 journal = {Trends in Cognitive Sciences},
 number = {7},
 pages = {515--528},
 title = {An allostatic theory of oxytocin},
 volume = {24},
 year = {2020}
}

