@article{Quintana2015a,
 author = {Quintana, D. S. and Alvares, G. A. and Hickie, I. B. and Guastella, A. J.},
 journal = {Neuroscience and Biobehavioral Reviews},
 pages = {182--192},
 title = {Do delivery routes of intranasally administered oxytocin account for observed effects on social cognition and behavior? A two-level model},
 volume = {49},
 year = {2015}
}

