@article{Quintana2018,
 author = {Quintana, D. S.},
 issn = {0306-4530},
 journal = {Psychoneuroendocrinology},
 pages = {127--130},
 title = {Revisiting non-significant effects of intranasal oxytocin using equivalence testing},
 volume = {87},
 year = {2018}
}

