@article{Quintana2016a,
 author = {Quintana, D. S. and Westlye, L. T. and Alnæs, Dag and Rustan, Ø and Kaufmann, Tobias and Smerud, K. and Mahmoud, R. A. and Djupesland, P. G. and Andreassen, O. A.},
 journal = {Psychoneuroendocrinology},
 pages = {180--188},
 title = {Low dose intranasal oxytocin delivered with Breath Powered device dampens amygdala response to emotional stimuli: A peripheral effect-controlled within-subjects randomized dose-response fMRI trial},
 volume = {69},
 year = {2016}
}

