@article{Quintana2015,
 author = {Quintana, D. S.},
 doi = {10.3389/fpsyg.2015.01549},
 journal = {Frontiers in Psychology},
 pages = {1549},
 title = {From pre-registration to publication: a nontechnical primer for conducting a meta-analysis to synthesize correlational data},
 volume = {6},
 year = {2015}
}

