@article{Murray2019,
 author = {Murray, Stuart B. and Quintana, Daniel S. and Loeb, Katharine L. and Griffiths, Scott and Crosby, Ross D. and Grange, Daniel Le},
 copyright = {All rights reserved},
 doi = {10.1017/S0033291718003501},
 issn = {0033-2917, 1469-8978},
 journal = {Psychological Medicine},
 keywords = {Anorexia nervosa, eating disorders, meta-analysis, treatment outcome},
 language = {en},
 month = {March},
 note = {Publisher: Cambridge University Press},
 number = {4},
 pages = {699--700},
 shorttitle = {Meta-analysis misunderstood},
 title = {Meta-analysis misunderstood: a cautionary tale in interpreting meta-analytic findings},
 url = {https://www.cambridge.org/core/journals/psychological-medicine/article/metaanalysis-misunderstood-a-cautionary-tale-in-interpreting-metaanalytic-findings/E9E6FFB408DDB029007D515186BE1D30},
 urldate = {2020-08-29},
 volume = {49},
 year = {2019}
}

