@article{Quintana2017b,
 author = {Quintana, Daniel S. and Williams, Donald R.},
 journal = {BMC Psychiatry},
 pages = {178},
 shorttitle = {Bayesian alternatives for common null-hypothesis significance tests in psychiatry},
 title = {Bayesian alternatives for common null-hypothesis significance tests in psychiatry: A non-technical guide using JASP},
 volume = {18},
 year = {2017}
}

