@article{Quintana2016g,
 author = {Quintana, D.S. and Westlye, Lars T. and Kaufmann, Tobias and Rustan, Ã˜G and Brandt, Christine L. and Haatveit, Beathe and Steen, Nils Eiel and Andreassen, Ole A.},
 issn = {1600-0447},
 journal = {Acta Psychiatrica Scandinavica},
 pages = {44--52},
 title = {Reduced heart rate variability in schizophrenia and bipolar disorder compared to healthy controls},
 volume = {133},
 year = {2016}
}

