@article{Quintana2016,
 author = {Quintana, D.S. and Alvares, G. A. and Heathers, James AJ},
 journal = {Translational Psychiatry},
 pages = {e803},
 title = {Guidelines for Reporting Articles on Psychiatry and Heart rate variability (GRAPH): Recommendations to advance research communication},
 volume = {6},
 year = {2016}
}

