@article{Quintana2012a,
 author = {Quintana, Daniel S. and Heathers, James AJ and Kemp, Andrew H.},
 issn = {1439-6319},
 journal = {European Journal of Applied Physiology},
 pages = {4179--4180},
 title = {On the validity of using the Polar RS800 heart rate monitor for heart rate variability research},
 volume = {112},
 year = {2012}
}

