@article{Quintana2013a,
 author = {Quintana, Daniel S. and Kemp, Andrew H. and Alvares, Gail A. and Guastella, Adam J.},
 journal = {Frontiers in Neuroscience},
 title = {A role for autonomic cardiac control in the effects of oxytocin on social behavior and psychiatric illness},
 volume = {7},
 year = {2013}
}

