@article{Quintana2016c,
 author = {Quintana, D. S. and Woolley, J. D.},
 journal = {Biological Psychiatry},
 pages = {e49--e50},
 title = {Intranasal oxytocin mechanisms can be better understood but its effects on social cognition and behavior are not to be sniffed at},
 volume = {79},
 year = {2016}
}

