@incollection{Kemp2017,
 abstract = {Research on heart rate variability (HRV) has been conducted for more than four decades, and the increasing interest in this complex psychophysiological},
 address = {Boca Raton},
 author = {Kemp, A. H. and Quintana, D. S.},
 booktitle = {ECG Time Series Variability Analysis},
 copyright = {All rights reserved},
 doi = {10.4324/9781315372921-15},
 language = {en},
 month = {September},
 note = {Pages: 327-344
Publisher: CRC Press},
 publisher = {CRC Press},
 title = {Heart Rate Variability in Psychiatric Disorders, Methodological Considerations, and Recommendations for Future Research},
 url = {http://www.taylorfrancis.com/},
 urldate = {2020-08-29},
 year = {2017}
}

