@article{Quintana2014a,
 author = {Quintana, Daniel S. and Heathers, James AJ},
 journal = {Emotion Science},
 pages = {805},
 title = {Considerations in the assessment of heart rate variability in biobehavioral research},
 volume = {5},
 year = {2014}
}

