@article{Quintana2013c,
 author = {Quintana, Daniel S. and Guastella, Adam J. and McGregor, Iain S. and Hickie, Ian B. and Kemp, Andrew H.},
 issn = {1469-8986},
 journal = {Psychophysiology},
 pages = {1202--1208},
 title = {Moderate alcohol intake is related to increased heart rate variability in young adults: Implications for health and well‚Äêbeing},
 volume = {50},
 year = {2013}
}

