@article{Quintana2012,
 abstract = {International Journal of Psychophysiology, doi:10.1016/j.ijpsycho.2012.08.012},
 author = {Quintana, Daniel S. and Guastella, Adam J. and Outhred, Tim and Hickie, Ian B. and Kemp, Andrew H.},
 doi = {10.1016/j.ijpsycho.2012.08.012},
 journal = {International Journal of Psychophysiology},
 month = {September},
 pages = {168--172},
 title = {Heart rate variability is associated with emotion recognition: Direct evidence for a relationship between the autonomic nervous system and social cognition},
 volume = {86},
 year = {2012}
}

