@article{Quintana2020b,
 author = {Quintana, D.S},
 doi = {10.31234/osf.io/kzp4n},
 journal = {PsyArXiv},
 title = {Most oxytocin administration studies are statistically underpowered to reliably detect (or reject) a wide range of effect sizes},
 year = {2020}
}

