@article{Kemp2011a,
 author = {Kemp, Andrew H. and Quintana, Daniel S. and Gray, Marcus A.},
 copyright = {All rights reserved},
 doi = {10.1016/j.biopsych.2010.07.030},
 issn = {0006-3223},
 journal = {Biological Psychiatry},
 number = {4},
 pages = {e3--e4},
 title = {Is heart rate variability reduced in depression without cardiovascular disease?},
 url = {https://doi.org/10.1016/j.biopsych.2010.07.030},
 volume = {69},
 year = {2011}
}

