@article{Quintana2017,
 author = {Quintana, D. S. and Westlye, L. T. and Hope, Sigrun and Nærland, Terje and Elvsåshagen, T. and Dørum, E. and Rustan, Ø and Valstad, M. and Rezvaya, L. and Lishaugen, H.},
 issn = {2158-3188},
 journal = {Translational Psychiatry},
 pages = {e1136},
 title = {Dose-dependent social-cognitive effects of intranasal oxytocin delivered with novel Breath Powered device in adults with autism spectrum disorder: a randomized placebo-controlled double-blind crossover trial},
 volume = {7},
 year = {2017}
}

