@article{Quintana2016j,
 author = {Quintana, Daniel S. and Doan, Nhat Trung},
 copyright = {All rights reserved},
 doi = {10.1176/appi.ajp.2015.15101341},
 issn = {1535-7228},
 journal = {The American Journal of Psychiatry},
 keywords = {Humans, Journal Impact Factor, Periodicals as Topic, Psychiatry, Social Media, United States},
 language = {eng},
 month = {February},
 number = {2},
 pages = {194},
 pmid = {26844798},
 shorttitle = {Twitter Article Mentions and Citations},
 title = {Twitter Article Mentions and Citations: An Exploratory Analysis of Publications in the American Journal of Psychiatry},
 url = {https://doi.org/10.1176/appi.ajp.2015.15101341},
 volume = {173},
 year = {2016}
}

