@article{Quintana2016e,
 author = {Quintana, Daniel S. and Elstad, Maja and Kaufmann, Tobias and Brandt, Christine L. and Haatveit, Beathe and Haram, Marit and Nerhus, Mari and Westlye, Lars T. and Andreassen, Ole A.},
 issn = {2045-2322},
 journal = {Scientific Reports},
 pages = {37212},
 title = {Resting-state high-frequency heart rate variability is related to respiratory frequency in individuals with severe mental illness but not healthy controls},
 volume = {6},
 year = {2016}
}

